@book{ref1,
  author  = {Nadia Busi, Maurizio Grabbrielli, Gianluigi Zavattaro},
  year    = {2009},
  title   = {On the expressive power of recursion, replication and iteration in process calculi},
  address = {Dip. di Scienze dellâ€™Informazione, Univ. di Bologna}
}